<record><leader>00000cas a22000007a 4500</leader><controlfield tag="001">11127096</controlfield><controlfield tag="008">840906d19151915mtudn ne      0    0eng d</controlfield><datafield ind1=" " ind2=" " tag="010"><subfield code="a">sn 84036170 </subfield></datafield><datafield ind1=" " ind2=" " tag="040"><subfield code="a">MTL</subfield><subfield code="b">eng</subfield><subfield code="c">MTL</subfield><subfield code="d">OCLCQ</subfield></datafield><datafield ind1=" " ind2=" " tag="042"><subfield code="a">msc</subfield></datafield><datafield ind1="0" ind2="0" tag="245"><subfield code="a">Billings evening journal-tribune.</subfield></datafield><datafield ind1=" " ind2=" " tag="260"><subfield code="a">Billings, Mont. :</subfield><subfield code="b">Journal-Tribune Pub. Co.,</subfield><subfield code="c">1915.</subfield></datafield><datafield ind1=" " ind2=" " tag="300"><subfield code="a">1 v. :</subfield><subfield code="b">ill.</subfield></datafield><datafield ind1=" " ind2=" " tag="310"><subfield code="a">Daily (except Sun.)</subfield></datafield><datafield ind1="0" ind2=" " tag="362"><subfield code="a">Vol. 8, no. 141 (June 17, 1915)-v. 8, no. 309 (Dec. 31, 1915).</subfield></datafield><datafield ind1=" " ind2=" " tag="500"><subfield code="a">"Democratic." Cf. Newspaper directory of Montana, 1915.</subfield></datafield><datafield ind1=" " ind2=" " tag="500"><subfield code="a">Publishers: Journal-Tribune Pub. Co., June-Oct. 1915.--J.M. Kennedy, Oct.-Dec. 1915.</subfield></datafield><datafield ind1=" " ind2=" " tag="752"><subfield code="a">United States</subfield><subfield code="b">Montana</subfield><subfield code="c">Yellowstone</subfield><subfield code="d">Billings.</subfield></datafield><datafield ind1="0" ind2="4" tag="780"><subfield code="t">Billings evening journal (Billings, Mont. : 1908)</subfield><subfield code="w">(DLC)sn 84036169</subfield></datafield><datafield ind1="0" ind2="4" tag="780"><subfield code="t">Billings daily tribune</subfield><subfield code="w">(DLC)sn 84036167</subfield></datafield><datafield ind1="0" ind2="0" tag="785"><subfield code="t">Billings evening journal (Billings, Mont. : 1916)</subfield><subfield code="w">(DLC)sn 84036171</subfield></datafield><datafield ind1="1" ind2=" " tag="029"><subfield code="a">AU@</subfield><subfield code="b">000025810746</subfield></datafield></record>